@article{LM04,
    author  = "Liu, Shiping and Morin, Jean-{P}hilippe",
    title   = "The strong no loop conjecture for special biserial algebras",
    journal = "Proceedings of the American Mathematical Society",
    volume  = "132",
    number  = "12",
    pages   = "3513-3523",
    year    = "2004"
}
